@article{terzopoulos:1990,
  title={Physically-based facial modelling, analysis, and animation},
  author={Terzopoulos, Demetri and Waters, Keith},
  journal={The journal of visualization and computer animation},
  volume={1},
  number={2},
  pages={73--80},
  year={1990},
  publisher={Wiley Online Library}
}

@misc{muscleMovement,
author = {Christopher Evans},
title = {Simulating Musculature in Maya},
year = {2003},
howpublished = {\url{http://chrisevans3d.com/tutorials/maya_muscle.htm}},
note = {Accesado: 2014-04-02}
}

@misc{uncannyValley,
author = {Jamais Cascio},
title = {The Second Uncanny Valley},
year = {2007},
howpublished = {\url{http://www.openthefuture.com/2007/10/the_second_uncanny_valley.html}},
note = {Accesado: 2014-04-02}
}

@misc{polarExpress,
author = {Warner Bros Pictures},
title = {The polar express},
year = {2004},
howpublished = {\url{http://wwws.warnerbros.co.uk/movies/polarexpress/}},
note = {Accesado: 2014-04-02}
}

@misc{realisticPeople,
author = {The Tut},
title = {Blog-along-a-Christmas \#27 + \#28},
year = {2013},
howpublished = {\url{http://tutting.wordpress.com/tag/tom-hanks/}},
note = {Accesado: 2014-04-02}
}

@misc{motionCapture,
author = {Rakesh Chakraborty},
title = {Animation Demo Reel 2013 by Rakesh Chakraborty},
year = {2013},
howpublished = {\url{http://www.cgmeetup.net/home/animation-demo-reel-2013-by-rakesh-chakraborty/}},
note = {Accesado: 2014-04-02}
}

@misc{keyframeAnimation,
author = {Craig Maxwell},
title = {3rd year animation},
year = {2010},
howpublished = {\url{http://craigmaxwell.blogspot.mx/}},
note = {Accesado: 2014-04-02}
}

@misc{medicalImaging,
author = {University of Birmingham},
title = {Medical simulation and imaging},
year = {2014},
howpublished = {\url{http://www.birmingham.ac.uk/research/activity/eece/human-computer/human-interface/medical.aspx}},
note = {Accesado: 2014-04-02}
}

@misc{architectureCAD,
author = {ashampoo GmbH \& Co. KG},
title = {Ashampoo 3D CAD Architecture},
year = {2008},
howpublished = {\url{http://www.ashampoo-cad.de/index.en.html}},
note = {Accessed: 2014-04-02}
}

@misc{robotOffline,
author = {Siemens PLM Software},
title = {RobotExpert Brings Simplified Simulation to the Shop Floor},
year = {2012},
howpublished = {\url{http://www.designnews.com/author.asp?section_id=1394&doc_id=249295&dfpPParams=ind_186,bid_26,aid_249295&dfpLayout=blog}},
note = {Accessed: 2014-04-02}
}

@misc{physicsSimulator,
author = {Design Soft},
title = {Newton: 3D Multimedia Lab for Exploring Physics},
year = {2014},
howpublished = {\url{http://www.newtonlab.com/English/newton/}},
note = {Accessed: 2014-04-02}
}

@article{Hill:1938,
  title={The heat of shortening and the dynamic constants of muscle},
  author={Hill, AV},
  journal={Proceedings of the Royal Society of London. Series B, Biological Sciences},
  volume={126},
  number={843},
  pages={136--195},
  year={1938},
  publisher={JSTOR}
}

@article{Chadwick:1989,
 author = {Chadwick, J. E. and Haumann, D. R. and Parent, R. E.},
 title = {Layered Construction for Deformable Animated Characters},
 journal = {SIGGRAPH Comput. Graph.},
 issue_date = {July 1989},
 volume = {23},
 number = {3},
 month = jul,
 year = {1989},
 issn = {0097-8930},
 pages = {243--252},
 numpages = {10},
 url = {http://doi.acm.org/10.1145/74334.74358},
 doi = {10.1145/74334.74358},
 acmid = {74358},
 publisher = {ACM},
 address = {New York, NY, USA}
} 

@inproceedings{Scheepers:1997,
 author = {Scheepers, Ferdi and Parent, Richard E. and Carlson, Wayne E. and May, Stephen F.},
 title = {Anatomy-based Modeling of the Human Musculature},
 booktitle = {Proceedings of the 24th Annual Conference on Computer Graphics and Interactive Techniques},
 series = {SIGGRAPH '97},
 year = {1997},
 isbn = {0-89791-896-7},
 pages = {163--172},
 numpages = {10},
 url = {http://dx.doi.org/10.1145/258734.258827},
 doi = {10.1145/258734.258827},
 acmid = {258827},
 publisher = {ACM Press/Addison-Wesley Publishing Co.},
 address = {New York, NY, USA},
 keywords = {articulated models, bones, deformations, human figure animation, muscles, procedural modeling, tendons}
} 

@article{Sifakis:2005,
 author = {Sifakis, Eftychios and Neverov, Igor and Fedkiw, Ronald},
 title = {Automatic Determination of Facial Muscle Activations from Sparse Motion Capture Marker Data},
 journal = {ACM Trans. Graph.},
 issue_date = {July 2005},
 volume = {24},
 number = {3},
 month = jul,
 year = {2005},
 issn = {0730-0301},
 pages = {417--425},
 numpages = {9},
 url = {http://doi.acm.org/10.1145/1073204.1073208},
 doi = {10.1145/1073204.1073208},
 acmid = {1073208},
 publisher = {ACM},
 address = {New York, NY, USA},
 keywords = {facial animation, finite element method, muscles}
} 

@article{McAdams:2011,
 author = {McAdams, Aleka and Zhu, Yongning and Selle, Andrew and Empey, Mark and Tamstorf, Rasmus and Teran, Joseph and Sifakis, Eftychios},
 title = {Efficient Elasticity for Character Skinning with Contact and Collisions},
 journal = {ACM Trans. Graph.},
 issue_date = {July 2011},
 volume = {30},
 number = {4},
 month = jul,
 year = {2011},
 issn = {0730-0301},
 pages = {37:1--37:12},
 articleno = {37},
 numpages = {12},
 url = {http://doi.acm.org/10.1145/2010324.1964932},
 doi = {10.1145/2010324.1964932},
 acmid = {1964932},
 publisher = {ACM},
 address = {New York, NY, USA},
 keywords = {corotated elasticity, elastic deformations, physics-based modeling, skinning}
} 

@article{lee2009comprehensive,
 author = {Lee, Sung-Hee and Sifakis, Eftychios and Terzopoulos, Demetri},
 title = {Comprehensive Biomechanical Modeling and Simulation of the Upper Body},
 journal = {ACM Trans. Graph.},
 issue_date = {August 2009},
 volume = {28},
 number = {4},
 month = sep,
 year = {2009},
 issn = {0730-0301},
 pages = {99:1--99:17},
 articleno = {99},
 numpages = {17},
 url = {http://doi.acm.org/10.1145/1559755.1559756},
 doi = {10.1145/1559755.1559756},
 acmid = {1559756},
 publisher = {ACM},
 address = {New York, NY, USA},
 keywords = {Human modeling and animation, biomechanics, finite elements, muscle-based animation, rigid/deformable dynamics and control, soft tissue simulation}
} 

@inproceedings{lee2006heads,
  title={Heads up!: biomechanical modeling and neuromuscular control of the neck},
  author={Lee, Sung-Hee and Terzopoulos, Demetri},
  booktitle={ACM Transactions on Graphics (TOG)},
  volume={25},
  number={3},
  pages={1188--1198},
  year={2006},
  organization={ACM}
}

@inproceedings{kaneko2011humanoid,
  title={Humanoid robot hrp-4-humanoid robotics platform with lightweight and slim body},
  author={Kaneko, Kenji and Kanehiro, Fumio and Morisawa, Mitsuharu and Akachi, Kazuhiko and Miyamori, Gou and Hayashi, Atsushi and Kanehira, Noriyuki},
  booktitle={Intelligent Robots and Systems (IROS), 2011 IEEE/RSJ International Conference on},
  pages={4400--4407},
  year={2011},
  organization={IEEE}
}

@inproceedings{raibert2008bigdog,
  title={Bigdog, the rough-terrain quadruped robot},
  author={Raibert, Marc and Blankespoor, Kevin and Nelson, Gabriel and Playter, Rob and others},
  booktitle={Proceedings of the 17th World Congress},
  pages={10823--10825},
  year={2008}
}

@inproceedings{knopf2000adaptive,
  title={Adaptive reconstruction of anatomical surfaces from human body measurements},
  author={Knopf, George K and Abouhossein, Alireza},
  booktitle={Systems, Man, and Cybernetics, 2000 IEEE International Conference on},
  volume={2},
  pages={1181--1185},
  year={2000},
  organization={IEEE}
}

@book{biomechanics2007herzog,
  title={Biomechanics of the musculo-skeletal system},
  author={Nigg, Benno Maurus and Herzog, Walter},
  edition={3th},
  year={2007},
  publisher={Wiley New York}
}

@book{biomechanics2012nordin,
  title={Basic biomechanics of the musculoskeletal system},
  author={Nordin, Margaret and Frankel, Victor H.},
  edition={4th},
  year={2012},
  publisher={Lippincott Williams \& Wilkins}
}

@book{oatis2009kynesiology,
  title={Kinesiology: The Mechanics and Pathomechanics of Human Movement},
  author={Oatis, Carol},
  journal={Kynesiology: The Mechanics and Pathomechanics of Human Movement-0781755131-66, 97},
	edition={2th},
  year={2009},
  publisher={Lippincott Williams \& Wilkins}
}

@article{lee2010survey,
  title={A survey of modeling and simulation of skeletal muscle},
  author={Lee, Dongwoon and Glueck, Michael and Khan, and Fiume, Eugene and Jackson, Ken},
  journal={ACM Transactions on Graphics},
  volume={28},
  number={4},
  pages={162},
  year={2010},
  publisher={Citeseer}
}

@article{huxley1957muscleContraction,
	title={Muscle structure and theories of contraction},
	author={Huxly, A.F.},
	journal={Progress in Biophysics and Biophysical Chemistry},
	volume={7},
	pages={255-318},
	year={1957}
}

@article{huxley1971muscleContraction,
	title={Proposed mechanism of force generation in striated muscle},
	author={Huxly, A.F. and Simmons, R.M.},
	journal={Nature},
	volume={233},
	pages={533â€“538},
	year={1971}
}

@article{huxley1974muscular,
  title={Muscular contraction.},
  author={Huxley, A.F.},
  journal={The Journal of physiology},
  volume={243},
  number={1},
  pages={1},
  year={1974},
  publisher={Blackwell Publishing}
}

@book{hill1970first,
  title={First and last experiments in muscle mechanics},
  author={Hill, Archibald Vivian},
  volume={32},
  year={1970},
  publisher={Cambridge University Press Cambridge}
}

@book{Rogers2001,
 author = {Rogers, David F.},
 title = {An Introduction to NURBS: With Historical Perspective},
 year = {2001},
 isbn = {1-55860-669-6},
 publisher = {Morgan Kaufmann Publishers Inc.},
 address = {San Francisco, CA, USA},
} 

@article{rash2003electromyography,
  title={Electromyography fundamentals},
  author={Rash, Gregory S},
  journal={Retrieved February},
  volume={4},
  year={2003}
}

@article{huxley1971proposed,
  title={Proposed mechanism of force generation in striated muscle},
  author={Huxley, Andrew F and Simmons, Ro M},
  journal={Nature},
  volume={233},
  number={5321},
  pages={533--538},
  year={1971}
}

@book{criswell2011cram,
  title={Cram's introduction to surface electromyography},
  author={Criswell, Eleanor},
  year={2011},
  publisher={Jones \& Bartlett Publishers}
}

@inproceedings{wilhelms1997anatomically,
  title={Anatomically based modeling},
  author={Wilhelms, Jane and Van Gelder, Allen},
  booktitle={Proceedings of the 24th annual conference on Computer graphics and interactive techniques},
  pages={173--180},
  year={1997},
  organization={ACM Press/Addison-Wesley Publishing Co.}
}

@inproceedings{moccozet1997dirichlet,
  title={Dirichlet free-form deformations and their application to hand simulation},
  author={Moccozet, Laurent and Thalmann, Nadia Magnenat},
  booktitle={Computer Animation'97},
  pages={93--102},
  year={1997},
  organization={IEEE}
}

@article{komatsu1988human,
  title={Human skin model capable of natural shape variation},
  author={Komatsu, Koji},
  journal={The visual computer},
  volume={3},
  number={5},
  pages={265--271},
  year={1988},
  publisher={Springer}
}

@article{wilhelms1997animals,
  title={Animals with anatomy},
  author={Wilhelms, Jane},
  journal={Computer Graphics and Applications, IEEE},
  volume={17},
  number={3},
  pages={22--30},
  year={1997},
  publisher={IEEE}
}

@inproceedings{thalmann1996fast,
  title={Fast realistic human body deformations for animation and vr applications},
  author={Thalmann, Daniel and Shen, Jianhua and Chauvineau, Eric},
  booktitle={Computer Graphics International, 1996. Proceedings},
  pages={166--174},
  year={1996},
  organization={IEEE}
}

@inproceedings{bloomenthal1991convolution,
  title={Convolution surfaces},
  author={Bloomenthal, Jules and Shoemake, Ken},
  booktitle={ACM SIGGRAPH Computer Graphics},
  volume={25},
  number={4},
  pages={251--256},
  year={1991},
  organization={ACM}
}

@article{blinn1982generalization,
  title={A generalization of algebraic surface drawing},
  author={Blinn, James F},
  journal={ACM Transactions on Graphics (TOG)},
  volume={1},
  number={3},
  pages={235--256},
  year={1982},
  publisher={ACM}
}

@incollection{wyvill1988field,
  title={Field functions for implicit surfaces},
  author={Wyvill, Brian and Wyvill, Geoff},
  booktitle={New Trends in Computer Graphics},
  pages={328--338},
  year={1988},
  publisher={Springer}
}

@inproceedings{aubel2001interactive,
  title={Interactive modeling of the human musculature},
  author={Aubel, Amaury and Thalmann, Daniel},
  booktitle={Computer Animation, 2001. The Fourteenth Conference on Computer Animation. Proceedings},
  pages={167--255},
  year={2001},
  organization={IEEE}
}

@inproceedings{zordan2004breathe,
  title={Breathe easy: model and control of simulated respiration for animation},
  author={Zordan, Victor Brian and Celly, Bhrigu and Chiu, Bill and DiLorenzo, Paul C},
  booktitle={Proceedings of the 2004 ACM SIGGRAPH/Eurographics symposium on Computer animation},
  pages={29--37},
  year={2004},
  organization={Eurographics Association}
}

@inproceedings{nedel1998real,
  title={Real time muscle deformations using mass-spring systems},
  author={Nedel, Luciana Porcher and Thalmann, Daniel},
  booktitle={Computer Graphics International, 1998. Proceedings},
  pages={156--165},
  year={1998},
  organization={IEEE}
}

@inproceedings{lee1995realistic,
  title={Realistic modeling for facial animation},
  author={Lee, Yuencheng and Terzopoulos, Demetri and Waters, Keith},
  booktitle={Proceedings of the 22nd annual conference on Computer graphics and interactive techniques},
  pages={55--62},
  year={1995},
  organization={ACM}
}

@inproceedings{albrecht2003construction,
  title={Construction and animation of anatomically based human hand models},
  author={Albrecht, Irene and Haber, J{\"o}rg and Seidel, Hans-Peter},
  booktitle={Proceedings of the 2003 ACM SIGGRAPH/Eurographics symposium on Computer animation},
  pages={98--109},
  year={2003},
  organization={Eurographics Association}
}

@inproceedings{lemos2001realistic,
  title={Realistic skeletal muscle deformation using finite element analysis},
  author={Lemos, Robson and Epstein, Marcelo and Herzog, Walter and Wyvill, Brian},
  booktitle={Computer Graphics and Image Processing, 2001 Proceedings of XIV Brazilian Symposium on},
  pages={192--199},
  year={2001},
  organization={IEEE}
}

@article{ng2001anatomically,
  title={Anatomically-based models for physical and geometric reconstruction of humans and other animals},
  author={Ng-Thow-Hing, Victor},
  year={2001},
  publisher={National Library of Canada= Biblioth{\`e}que nationale du Canada}
}

@book{fix2008analysis,
  title={An analysis of the finite element method},
  author={Fix, George and Strang, Gilbert},
  year={2008},
  edition={2nd},
  publisher={Wellesley-Cambridge}
}

@article{press1992numerical,
  title={Numerical recipes in C: the art of scientific computing},
  author={Press, William H. and Teukolsky, Saul A. and Vetterling, William T. and Flannery, Brian P.},
  year={1992},
  publisher={Cambridge University Press}
}

@book{chen1992pump,
  title={Pump it up: Computer animation of a biomechanically based model of muscle using the finite element method},
  author={Chen, David T and Zeltzer, David},
  volume={26},
  number={2},
  year={1992},
  publisher={ACM}
}

@inproceedings{zhu1998real,
  title={Real-time Biomechanically-based Muscle Volume Deformation using FEM},
  author={Zhu, Qing-hong and Chen, Yan and Kaufman, Arie},
  booktitle={Computer Graphics Forum},
  volume={17},
  number={3},
  pages={275--284},
  year={1998},
  organization={Wiley Online Library}
}

@article{stern1974computer,
  title={Computer modelling of gross muscle dynamics},
  author={Stern Jr, Jack T},
  journal={Journal of biomechanics},
  volume={7},
  number={5},
  pages={411--428},
  year={1974},
  publisher={Elsevier}
}

@inproceedings{hirota2001implicit,
  title={An implicit finite element method for elastic solids in contact},
  author={Hirota, Gentaro and Fisher, Susan and State, A and Lee, C and Fuchs, H},
  booktitle={Computer Animation, 2001. The Fourteenth Conference on Computer Animation. Proceedings},
  pages={136--254},
  year={2001},
  organization={IEEE}
}

@article{yucesoy2002three,
  title={Three-dimensional finite element modeling of skeletal muscle using a two-domain approach: linked fiber-matrix mesh model},
  author={Yucesoy, Can A and Koopman, Bart HFJM and Huijing, Peter A and Grootenboer, Henk J},
  journal={Journal of biomechanics},
  volume={35},
  number={9},
  pages={1253--1262},
  year={2002},
  publisher={Elsevier}
}

@article{blemker2005three,
  title={Three-dimensional representation of complex muscle architectures and geometries},
  author={Blemker, Silvia S and Delp, Scott L},
  journal={Annals of biomedical engineering},
  volume={33},
  number={5},
  pages={661--673},
  year={2005},
  publisher={Springer}
}

@article{tang20093d,
  title={A 3d skeletal muscle model coupled with active contraction of muscle fibres and hyperelastic behaviour},
  author={Tang, CY and Zhang, G and Tsui, CP},
  journal={Journal of biomechanics},
  volume={42},
  number={7},
  pages={865--872},
  year={2009},
  publisher={Elsevier}
}

@article{oomens2003finite,
  title={Finite element modelling of contracting skeletal muscle},
  author={Oomens, CWJ and Maenhout, M and Van Oijen, CH and Drost, MR and Baaijens, FP},
  journal={Philosophical Transactions of the Royal Society of London. Series B: Biological Sciences},
  volume={358},
  number={1437},
  pages={1453--1460},
  year={2003},
  publisher={The Royal Society}
}

@inproceedings{teran2003finite,
  title={Finite volume methods for the simulation of skeletal muscle},
  author={Teran, Joseph and Blemker, Silvia and Hing, V and Fedkiw, Ronald},
  booktitle={Proceedings of the 2003 ACM SIGGRAPH/Eurographics symposium on Computer animation},
  pages={68--74},
  year={2003},
  organization={Eurographics Association}
}

@article{teran2005creating,
  title={Creating and simulating skeletal muscle from the visible human data set},
  author={Teran, Joseph and Sifakis, Eftychios and Blemker, Silvia S and Ng-Thow-Hing, Victor and Lau, Cynthia and Fedkiw, Ronald},
  journal={Visualization and Computer Graphics, IEEE Transactions on},
  volume={11},
  number={3},
  pages={317--328},
  year={2005},
  publisher={IEEE}
}

@book{leveque2002finite,
  title={Finite volume methods for hyperbolic problems},
  author={LeVeque, Randall J},
  volume={31},
  year={2002},
  publisher={Cambridge university press}
}

@inproceedings{min2000anatomically,
  title={Anatomically-based modeling and animation of human upper limbs},
  author={Min, Kyung-Ha and Baek, Seung-Min and Lee, G and Choi, Haeock and Park, Chan-Mo},
  booktitle={Proceedings of International Conference on Human Modeling and Animation},
  year={2000},
  organization={Citeseer}
}

@inproceedings{sloan2001shape,
  title={Shape by example},
  author={Sloan, Peter-Pike J and Rose III, Charles F and Cohen, Michael F},
  booktitle={Proceedings of the 2001 symposium on Interactive 3D graphics},
  pages={135--143},
  year={2001},
  organization={ACM}
}

@article{ma2004realistic,
  title={Realistic modeling and animation of human body based on scanned data},
  author={Ma, Yong-You and Zhang, Hui and Jiang, Shou-Wei},
  journal={Journal of Computer Science and Technology},
  volume={19},
  number={4},
  pages={529--537},
  year={2004},
  publisher={Springer}
}

@inproceedings{allen2002articulated,
  title={Articulated body deformation from range scan data},
  author={Allen, Brett and Curless, Brian and Popovi{\'c}, Zoran},
  booktitle={ACM Transactions on Graphics (TOG)},
  volume={21},
  number={3},
  pages={612--619},
  year={2002},
  organization={ACM}
}

@inproceedings{allen2003space,
  title={The space of human body shapes: reconstruction and parameterization from range scans},
  author={Allen, Brett and Curless, Brian and Popovi{\'c}, Zoran},
  booktitle={ACM Transactions on Graphics (TOG)},
  volume={22},
  number={3},
  pages={587--594},
  year={2003},
  organization={ACM}
}

@inproceedings{seo2003automatic,
  title={An automatic modeling of human bodies from sizing parameters},
  author={Seo, Hyewon and Magnenat-Thalmann, Nadia},
  booktitle={Proceedings of the 2003 symposium on Interactive 3D graphics},
  pages={19--26},
  year={2003},
  organization={ACM}
}

@article{sand2003continuous,
  title={Continuous capture of skin deformation},
  author={Sand, Peter and McMillan, Leonard and Popovi{\'c}, Jovan},
  journal={ACM Transactions on Graphics (TOG)},
  volume={22},
  number={3},
  pages={578--586},
  year={2003},
  publisher={ACM}
}

@inproceedings{anguelov2005scape,
  title={Scape: shape completion and animation of people},
  author={Anguelov, Dragomir and Srinivasan, Praveen and Koller, Daphne and Thrun, Sebastian and Rodgers, Jim and Davis, James},
  booktitle={ACM Transactions on Graphics (TOG)},
  volume={24},
  number={3},
  pages={408--416},
  year={2005},
  organization={ACM}
}

@inproceedings{park2006capturing,
  title={Capturing and animating skin deformation in human motion},
  author={Park, Sang Il and Hodgins, Jessica K},
  booktitle={ACM Transactions on Graphics (TOG)},
  volume={25},
  number={3},
  pages={881--889},
  year={2006},
  organization={ACM}
}

@article{park2008data,
  title={Data-driven modeling of skin and muscle deformation},
  author={Park, Sang Il and Hodgins, Jessica K},
  journal={ACM Transactions on Graphics (TOG)},
  volume={27},
  number={3},
  pages={96},
  year={2008},
  publisher={ACM}
}

@inproceedings{tu1994artificial,
  title={Artificial fishes: Physics, locomotion, perception, behavior},
  author={Tu, Xiaoyuan and Terzopoulos, Demetri},
  booktitle={Proceedings of the 21st annual conference on Computer graphics and interactive techniques},
  pages={43--50},
  year={1994},
  organization={ACM}
}

@inproceedings{tsang2005helping,
  title={Helping hand: an anatomically accurate inverse dynamics solution for unconstrained hand motion},
  author={Tsang, Winnie and Singh, Karan and Fiume, Eugene},
  booktitle={Proceedings of the 2005 ACM SIGGRAPH/Eurographics symposium on Computer animation},
  pages={319--328},
  year={2005},
  organization={ACM}
}

@inproceedings{sueda2008musculotendon,
  title={Musculotendon simulation for hand animation},
  author={Sueda, Shinjiro and Kaufman, Andrew and Pai, Dinesh K},
  booktitle={ACM Transactions on Graphics (TOG)},
  volume={27},
  number={3},
  pages={83},
  year={2008},
  organization={ACM}
}

@book{nocedal2006numerical,
  title={Numerical Optimization},
  author={Nocedal, Jorge and Wright, Stephen J.},
  year={2006},
  publisher={Springer-Verlag}
}

@book{kutz2004standard,
  title={Standard handbook of biomedical engineering and design},
  author={Kutz, Myer and Adrezin, Ronald S and Barr, Ronald E and Batich, Christopher and Bellamkonda, Ravi V and Brammer, Anthony J and Buchanan, Thomas S and Cook, Albert M and Currie, John Michael and Dolan, Alfred M and others},
  year={2004},
  chapter={6},
  publisher={McGraw-Hill}
}

@inproceedings{komura1997muscle,
  title={A Muscle-based Feed-forward Controller of the Human Body},
  author={Komura, Taku and Shinagawa, Yoshihisa and Kunii, Tosiyasu L},
  booktitle={Computer Graphics Forum},
  volume={16},
  number={3},
  pages={C165--C176},
  year={1997},
  organization={Wiley Online Library}
}

@article{komura2000creating,
  title={Creating and retargetting motion by the musculoskeletal human body model},
  author={Komura, Taku and Shinagawa, Yoshihisa and Kunii, Tosiyasu L},
  journal={The Visual Computer},
  volume={16},
  number={5},
  pages={254--270},
  year={2000},
  publisher={Springer}
}

@article{kim2006prediction,
  title={Prediction and analysis of human motion dynamics performing various tasks},
  author={Kim, Joo H and Abdel-Malek, Karim and Yang, Jingzhou and Marler, R Timothy},
  journal={International Journal of Human Factors Modelling and Simulation},
  volume={1},
  number={1},
  pages={69--94},
  year={2006},
  publisher={Inderscience}
}

@article{pandy1990optimal,
  title={An optimal control model for maximum-height human jumping},
  author={Pandy, Marcus G and Zajac, Felix E and Sim, Eunsup and Levine, William S},
  journal={Journal of biomechanics},
  volume={23},
  number={12},
  pages={1185--1198},
  year={1990},
  publisher={Elsevier}
}

@article{anderson2001dynamic,
  title={Dynamic optimization of human walking},
  author={Anderson, Frank C and Pandy, Marcus G},
  journal={Journal of biomechanical engineering},
  volume={123},
  number={5},
  pages={381--390},
  year={2001},
  publisher={American Society of Mechanical Engineers}
}

@article{anderson1999dynamic,
  title={A dynamic optimization solution for vertical jumping in three dimensions},
  author={Anderson, Frank C and Pandy, Marcus G},
  journal={Computer methods in biomechanics and biomedical engineering},
  volume={2},
  number={3},
  pages={201--231},
  year={1999},
  publisher={Taylor \& Francis}
}

@article{anderson2001static,
  title={Static and dynamic optimization solutions for gait are practically equivalent},
  author={Anderson, Frank C and Pandy, Marcus G},
  journal={Journal of biomechanics},
  volume={34},
  number={2},
  pages={153--161},
  year={2001},
  publisher={Elsevier}
}

@article{wu2007computational,
  title={Computational representation of the aponeuroses as nurbs surfaces in 3d musculoskeletal models},
  author={Wu, Florence TH and Ng-Thow-Hing, Victor and Singh, Karan and Agur, Anne M and McKee, Nancy H},
  journal={Computer Methods and Programs in Biomedicine},
  volume={88},
  number={2},
  pages={112--122},
  year={2007},
  publisher={Elsevier}
}

@inproceedings{ng1998shape,
  title={Shape reconstruction and subsequent deformation of soleus muscle models using b-spline solid primitives},
  author={Ng-Thow-Hing, Victor and Agur, Anne and Ball, Kevin A and Fiume, Eugene and McKee, Nancy},
  booktitle={BiOS'98 International Biomedical Optics Symposium},
  pages={423--434},
  year={1998},
  organization={International Society for Optics and Photonics}
}

@inproceedings{ng1999physically,
  title={Physically-based modelling of musculoskeletal systems},
  author={Ng-Thow-Hing, Victor and Fiume, Eugene},
  booktitle={Siggraph Conference Abstracts and Applications},
  pages={264},
  year={1999}
}

@article{levin2011eulerian,
  title={Eulerian solid simulation with contact},
  author={Levin, David IW and Litven, Joshua and Jones, Garrett L and Sueda, Shinjiro and Pai, Dinesh K},
  journal={ACM Transactions on Graphics (TOG)},
  volume={30},
  number={4},
  pages={36},
  year={2011},
  publisher={ACM}
}

@article{spyrou2012muscle,
  title={Muscle-driven finite element simulation of human foot movements},
  author={Spyrou, LA and Aravas, N},
  journal={Computer methods in biomechanics and biomedical engineering},
  volume={15},
  number={9},
  pages={925--934},
  year={2012},
  publisher={Taylor \& Francis}
}

@article{spyrou2011muscle,
  title={Muscle and tendon tissues: constitutive modeling and computational issues},
  author={Spyrou, Leonidas A and Aravas, Nikolaos},
  journal={Journal of Applied Mechanics},
  volume={78},
  number={4},
  pages={041015},
  year={2011},
  publisher={American Society of Mechanical Engineers}
}

@article{ramos2013muscle,
  title={A Muscle Model for Enhanced Character Skinning},
  author={Ramos, Juan and Larboulette, Caroline},
  journal={Journal of WSCG},
  volume={21},
  number={2},
  pages={107--116},
  year={2013}
}

@inproceedings{pai2014eulerian,
  title={Eulerian solids for soft tissue and more},
  author={Pai, Dinesh K and Levin, David IW and Fan, Ye},
  booktitle={ACM SIGGRAPH 2014 Courses},
  pages={22},
  year={2014},
  organization={ACM}
}

@article{epstein2006should,
  title={Should tendon and aponeurosis be considered in series?},
  author={Epstein, Marcelo and Wong, Max and Herzog, Walter},
  journal={Journal of biomechanics},
  volume={39},
  number={11},
  pages={2020--2025},
  year={2006},
  publisher={Elsevier}
}

@article{rohrle2012physiologically,
  title={A physiologically based, multi-scale model of skeletal muscle structure and function},
  author={R{\"o}hrle, Oliver and Davidson, John B and Pullan, Andrew J},
  journal={Frontiers in physiology},
  volume={3},
  year={2012},
  publisher={Frontiers Media SA}
}

@inproceedings{ng2001muscle,
  title={A muscle model that captures external shape, internal fibre architecture, and permits simulation of active contraction with volume preservation},
  author={Ng-Thow-Hing, V and Agur, A and McKee, N},
  booktitle={INTERNATIONAL SYMPOSIUM ON COMPUTER METHODS IN BIOMECHANICS \& BIOMEDICAL ENGINEERING (5.: 2001: Rome). Anais. Rome},
  year={2001}
}

@article{pai2011dynamics,
  title={Dynamics of biomechanisms: musculotendon mass, constraints, and architecture},
  author={Pai, Dinesh K and Sueda, Shinjiro and Levin, David IW},
  journal={Procedia IUTAM},
  volume={2},
  pages={158--167},
  year={2011},
  publisher={Elsevier}
}

@misc{visibleHumanProject,
author = {U.S. National Library of Medicine},
title = {The Visible Human Project},
year = {2003},
howpublished = {\url{http://www.nlm.nih.gov/research/visible/visible_human.html}},
note = {Accesado: 2015-02-04}
}

@article{rohrle2010simulating,
  title={Simulating the electro-mechanical behavior of skeletal muscles},
  author={R{\"o}hrle, Oliver},
  journal={Computing in Science \& Engineering},
  volume={12},
  number={6},
  pages={48--58},
  year={2010},
  publisher={AIP Publishing}
}

@article{vigmond2002computational,
  title={Computational techniques for solving the bidomain equations in three dimensions},
  author={Vigmond, Edward J and Aguel, Felipe and Trayanova, Natalia A},
  journal={Biomedical Engineering, IEEE Transactions on},
  volume={49},
  number={11},
  pages={1260--1269},
  year={2002},
  publisher={IEEE}
}

@inproceedings{pai2002strands,
  title={Strands: Interactive simulation of thin solids using cosserat models},
  author={Pai, Dinesh K},
  booktitle={Computer Graphics Forum},
  volume={21},
  number={3},
  pages={347--352},
  year={2002},
  organization={Wiley Online Library}
}

@inproceedings{kohout2012muscle,
  title={Muscle fibres modelling},
  author={Kohout, Josef and Clapworthy, Gordon J and Martelli, Saulo and Vieconti, Marco},
  booktitle={Proceedings of the International Conference on Computer Graphics Theory and Applications and International Conference on Information Visualization Theory and Applications},
  pages={58--66},
  year={2012},
  publisher={SciTePress}
}

@article{choi2013skeletal,
  title={Skeletal muscle fascicle arrangements can be reconstructed using a laplacian vector field simulation},
  author={Choi, Hon Fai and Blemker, Silvia S},
  journal={PloS one},
  volume={8},
  number={10},
  pages={e77576},
  year={2013},
  publisher={Public Library of Science}
}

@article{fan2013eulerian,
  title={Eulerian-on-lagrangian simulation},
  author={Fan, Ye and Litven, Joshua and Levin, David IW and Pai, Dinesh K},
  journal={ACM Transactions on Graphics (TOG)},
  volume={32},
  number={3},
  pages={22},
  year={2013},
  publisher={ACM}
}

@article{fan2014active,
  title={Active volumetric musculoskeletal systems},
  author={Fan, Ye and Litven, Joshua and Pai, Dinesh K},
  journal={ACM Transactions on Graphics (TOG)},
  volume={33},
  number={4},
  pages={152},
  year={2014},
  publisher={ACM}
}

@article{herzog2004history,
  title={History dependence of skeletal muscle force production: implications for movement control},
  author={Herzog, Walter},
  journal={Human movement science},
  volume={23},
  number={5},
  pages={591--604},
  year={2004},
  publisher={Elsevier}
}

@phdthesis{fan2013eulerian,
  title={Eulerian finite volume method for musculoskeletal simulation and data-driven activation},
  author={Fan, Ye},
  year={2013},
  school={The University Of British Columbia (Vancouver}
}

@article{levin2011extracting,
  title={Extracting skeletal muscle fiber fields from noisy diffusion tensor data},
  author={Levin, David IW and Gilles, Benjamin and M{\"a}dler, Burkhard and Pai, Dinesh K},
  journal={Medical Image Analysis},
  volume={15},
  number={3},
  pages={340--353},
  year={2011},
  publisher={Elsevier}
}

@misc{lbmc,
author = {Bruce Jones},
title = {Lattice Boltzmann fluid flow solver implemented with CUDA},
year = {2012},
howpublished = {\url{https://code.google.com/p/lbm-c/}},
note = {Accesado: 2015-02-10}
}

@misc{clinicaCerebro,
author = {Centro de RehabilitaciÃ³n RobÃ³tica S.A. de C.V.},
title = {Centro de evaluaciÃ³n y rehabilitaciÃ³n biÃ³nica y robÃ³tica},
year = {2015},
howpublished = {\url{
http://www.clinicacerebro.com.mx/}},
note = {Accesado: 2015-02-10}
}

@inproceedings{robertini2013capture,
  title={Capture of arm-muscle deformations using a depth-camera},
  author={Robertini, Nadia and Neumann, Thomas and Varanasi, Kiran and Theobalt, Christian},
  booktitle={Proceedings of the 10th European Conference on Visual Media Production},
  pages={12},
  year={2013},
  organization={ACM}
}

@book{lattice2005wolfgladrow,
  title={Lattice-Gas Cellular Automata and Lattice Boltzmann Models - An Introduction},
  author={Wolf-Gladrow, Dieter A.},
  year={2005},
  publisher={Springer}
}

@article{alexander1990three,
  title={Three uses for springs in legged locomotion},
  author={Alexander, R McN},
  journal={The International Journal of Robotics Research},
  volume={9},
  number={2},
  pages={53--61},
  year={1990},
  publisher={Sage Publications}
}

@inproceedings{tu1994artificial,
  title={Artificial fishes: Physics, locomotion, perception, behavior},
  author={Tu, Xiaoyuan and Terzopoulos, Demetri},
  booktitle={Proceedings of the 21st annual conference on Computer graphics and interactive techniques},
  pages={43--50},
  year={1994},
  organization={ACM}
}

@inproceedings{miller1988motion,
  title={The motion dynamics of snakes and worms},
  author={Miller, Gavin SP},
  booktitle={ACM Siggraph Computer Graphics},
  volume={22},
  number={4},
  pages={169--173},
  year={1988},
  organization={ACM}
}

@article{zajac1989muscle,
  title={Muscle and tendon: properties, models, scaling, and application to biomechanics and motor control.},
  author={Zajac, Felix E},
  journal={Critical reviews in biomedical engineering},
  volume={17},
  number={4},
  pages={359--411},
  year={1989}
}

@book{physiology2009keener,
  title={Mathematical physiology, Systems physiology},
  author={Keener, James and Sneyd, James},
  edition={2th},
  year={2009},
  publisher={Springer}
}

@article{hodgkin1952quantitative,
  title={A quantitative description of membrane current and its application to conduction and excitation in nerve},
  author={Hodgkin, Alan L and Huxley, Andrew F},
  journal={The Journal of physiology},
  volume={117},
  number={4},
  pages={500--544},
  year={1952},
  publisher={Wiley Online Library}
}

@phdthesis{matthias20113d,
  title={3D bidomain equation for muscle fibers},
  author={Matthias, G},
  year={2011},
  school={Fredrich Alexander Universit{\"a}t Erlangen N{\"u}rnberg, Germany}
}

@inproceedings{sederberg1986free,
  title={Free-form deformation of solid geometric models},
  author={Sederberg, Thomas W and Parry, Scott R},
  booktitle={ACM SIGGRAPH computer graphics},
  volume={20},
  number={4},
  pages={151--160},
  year={1986},
  organization={ACM}
}

@article{sutter2005free,
  title={The free lunch is over: A fundamental turn toward concurrency in software},
  author={Sutter, Herb},
  journal={Dr. Dobbâ€™s journal},
  volume={30},
  number={3},
  pages={202--210},
  year={2005}
}

@book{cuda2014cheng,
  title={Professional Cuda C Programming},
  author={Cheng, John and Grossman, Max, and McKercher, Ty},
  edition={1st},
  year={2014},
  publisher={Wrox; John Wiley \& Sons, Inc.}
}

@book{williams2012c,
  title={C++ concurrency in action},
  author={Williams, Anthony},
  year={2012},
  publisher={Manning; Pearson Education}
}

@article{sukop2006lattice,
  title={Lattice Boltzmann Modeling: An Introduction for Geoscientists and Engineers},
  author={Sukop, MC and Thorne Jr, DT},
  journal={ISBN 3540279814. URL},
  volume={29},
  year={2006}
}

@misc{facultyResearchAward,
author = {Google},
title = {Faculty Research Awards - Google Research Programs},
year = {2015},
howpublished = {\url{http://research.google.com/university/relations/research_awards.html}},
note = {Accesado: 2015-03-18}
}

@misc{visibleHumanProject,
author = {U.S. National Library of Medicine},
title = {The Visible Human Project},
year = {2003},
howpublished = {\url{http://www.nlm.nih.gov/research/visible/visible_human.html}},
note = {Accesado: 2015-02-04}
}

@article{mitsuhashi2009bodyparts3d,
  title={BodyParts3D: 3D structure database for anatomical concepts},
  author={Mitsuhashi, Nobutaka and Fujieda, Kaori and Tamura, Takuro and Kawamoto, Shoko and Takagi, Toshihisa and Okubo, Kousaku},
  journal={Nucleic acids research},
  volume={37},
  number={suppl 1},
  pages={D782--D785},
  year={2009},
  publisher={Oxford Univ Press}
}

@misc{DBCLS,
author = {Database Center for Life Science},
title = {Database Center for Life Science},
year = {2015},
howpublished = {\url{http://dbcls.rois.ac.jp/en}
}

@misc{bodyParts3d,
author = {The Database Center for Life Science},
title = {BodyParts3D},
year = {2011},
howpublished = {\url{http://dbarchive.biosciencedbc.jp/en/bodyparts3d/download.html}},
note = {BodyParts3D, (c)  The Database Center for Life Science licensed under CC Attribution-Share Alike 2.1 Japan}
}
